@article{guinehut2004combining,
	author = {S Guinehut and PY {Le Traon} and G Larnicol and S Philipps},
	journal = {Journal of Marine Systems},
	number = {1},
	pages = {85--98},
	publisher = {Elsevier},
	title = {Combining Argo and remote-sensing data to estimate the ocean three-dimensional temperature fields---A first approach based on simulated observations},
	volume = {46},
	year = {2004}
}

@misc{ArgoUserManual,
	author = {Thierry Carval and Robert Keeley and Yasushi Takatsuki and Takashi Yoshida and Claudia Schmid and Roger Goldsmith and Annie Wong and Ann Thresher and Anh Tran and Stephen Loch and Rebecca Mccreadie},
	title = {Argo User Manual},
	volume = {3.2},
	year = {2015}
}

@article{ArgoDataManualConsistencyChecks,
	author = {Ignaszewski Mark},
	title = {Description of the Argo GDAC File Checks: Data Format and Consistency Checks},
	volume = {2.4},
	year = {2016}
}

@misc{ArgoDataManual,
	howpublished = {\url{http://www.argo.ucsd.edu/Argo_data_and.html}},
	key = {Argo Data Manual},
	month = {Jun},
	note = {[Online; accessed 12. Dec. 2017]},
	title = {{Argo data and how to get it}},
	year = {2017}
}

@misc{ArgoDataSelection,
	howpublished = {\url{http://www.argodatamgt.org/Access-to-data/Argo-data-selection}},
	key = {Argo Data Selection},
	month = {Dec},
	note = {[Online; accessed 12. Dec. 2017]},
	title = {{Argo data selection - Argo Data Management}},
	year = {2017}
}

@article{OpenLayers,
	howpublished = {\url{https://openlayers.org/en/latest/apidoc/}},
	key = {Openlayers API},
	note = {[Online; accessed 2017-05-28]},
	title = {Open Layers - API}
}

@misc{ArgoDataViewers,
	howpublished = {\url{http://argo.ucsd.edu/Data_viewers.html}},
	key = {Argo Dataviewers},
	month = {Apr},
	note = {[Online; accessed 12. Dec. 2017]},
	title = {{Global Change Analysis}},
	year = {2017}
}

@misc{ArgoDataDocumentation,
	howpublished = {\url{http://www.argodatamgt.org/Documentation}},
	key = {Argo Data Documentation},
	month = {Dec},
	note = {[Online; accessed 12. Dec. 2017]},
	title = {{Documentation - Argo Data Management}},
	year = {2017}
}

@misc{ArgoDataBeginnersGuide,
	author = {Megan Scanderbeg and John Gould},
	howpublished = {\url{http://www.argo.ucsd.edu/Argo_data_guide.pdf}},
	title = {A beginners{\rq} guide to accessing Argo data},
	urldate = {2018-01-17},
	year = {}
}

@misc{ArgoDataManagementHandbook,
	key = {Argo Data Management Handbook},
	title = {Data Management Handbook},
	year = {2002}
}

@misc{Flask012Welcome:online,
	howpublished = {\url{http://flask.pocoo.org/docs/0.12/}},
	key = {Flask Documentation},
	month = {},
	note = {(Accessed on 09/08/2017)},
	title = {Welcome to Flask --- Flask Documentation (0.12)},
	year = {}
}

@book{ol3begGuide,
	author = {Thomas Gratier and Paul Spencer and Erik Hazzard},
	isbn = {1782162364},
	publisher = {Packt Publishing - ebooks Account},
	title = {OpenLayers 3 Beginner s Guide},
	url = {https://www.amazon.com/OpenLayers-3-Beginner-s-Guide/dp/1782162364?SubscriptionId=0JYN1NVW651KCA56C102&tag=techkie-20&linkCode=xm2&camp=2025&creative=165953&creativeASIN=1782162364},
	year = {2015}
}

@misc{Argofloa92:online,
	howpublished = {\url{http://www.seanoe.org/data/00311/42182/}},
	key = {Argo Data Download},
	month = {},
	note = {(Accessed on 10/09/2017)},
	title = {Argo float data and metadata from Global Data Assembly Centre (Argo GDAC)},
	year = {}
}

@book{phillips2010python,
	author = {Dusty Phillips},
	publisher = {Packt Publishing Ltd},
	title = {Python 3 object oriented programming},
	year = {2010}
}

@book{murray2017interactive,
	author = {Scott Murray},
	publisher = {O'Reilly Media, Inc.},
	title = {Interactive Data Visualization for the Web: An Introduction to Designing with},
	year = {2017}
}

@online{SageIasonGutenberg,
	author = {Gustav Schwab},
	howpublished = {\url{http://gutenberg.spiegel.de/buch/sagen-des-klassischen-altertums-4962/12}},
	title = {Die Argonautensage},
	urldate = {2017-12-12}
}

@online{netCDF4,
	howpublished = {\url{http://unidata.github.io/netcdf4-python/}},
	key = {netCDF4 API},
	title = {Python CDF4},
	urldate = {2017-12-12}
}

@online{FisherNetCDF,
	author = {Rew AuthorsRuss and Davis Glenn and Emmerson Steve and Davies Harvey and Hartnett Ed and Heimbigner Dennis and Ward Fisher},
	howpublished = {\url{https://www.unidata.ucar.edu/software/netcdf/docs/index.html}},
	title = {NetCDF: Introduction and Overview},
	urldate = {2017-12-13}
}

@article{rew1990netcdf,
	author = {Russ Rew and Glenn Davis},
	journal = {IEEE computer graphics and applications},
	number = {4},
	pages = {76--82},
	publisher = {IEEE},
	title = {NetCDF: an interface for scientific data access},
	volume = {10},
	year = {1990}
}

@misc{Numpy_ma,
	howpublished = {\url{https://docs.scipy.org/doc/numpy-1.13.0/reference/maskedarray.generic.html}},
	key = {numpy\_ma},
	title = {The numpy ma module - NumPy v1.13 Manual},
	urldate = {2017-12-26}
}

@misc{openingtheflask,
	author = {Armin Ronacher},
	institution = {pycon},
	title = {Opening the Flask},
	year = {2011},
	howpublished = {\url{http://mitsuhiko.pocoo.org/flask-pycon-2011.pdf}},
	urldate = {2018-01-13}
}

@book{openlayersbeginnersguide,
  Author = {Thomas Gratier and Paul Spencer and Erik Hazzard},
  Title = {OpenLayers 3 Beginner s Guide},
  Publisher = {Packt Publishing - ebooks Account},
  Year = {2015},
  ISBN = {1782162364},
}

@misc{QueryAPI82:online,
author = {},
title = {Query API â€” SQLAlchemy 1.2 Documentation},
howpublished = {\url{http://docs.sqlalchemy.org/en/latest/orm/query.html}},
month = {},
year = {},
note = {(Accessed on 02/08/2018)}
}

@article{moore1998cramming,
  title={Cramming more components onto integrated circuits},
  author={Moore, Gordon E},
  journal={Proceedings of the IEEE},
  volume={86},
  number={1},
  pages={82--85},
  year={1998},
  publisher={IEEE}
}

@inproceedings{ireland2009classification,
  title={A classification of object-relational impedance mismatch},
  author={Ireland, Christopher and Bowers, David and Newton, Michael and Waugh, Kevin},
  booktitle={Advances in Databases, Knowledge, and Data Applications, 2009. DBKDA'09. First International Conference on},
  pages={36--43},
  year={2009},
  organization={IEEE}
}

@book{fowler2002patterns,
  title={Patterns of enterprise application architecture},
  author={Fowler, Martin},
  year={2002},
  publisher={Addison-Wesley Longman Publishing Co., Inc.}
}

@misc{MappingO38:online,
author = {Scott W. Ambler},
title = {Mapping Objects to Relational Databases: O/R Mapping In Detail},
howpublished = {\url{http://agiledata.org/essays/mappingObjects.html}},
month = {Apr},
year = {2013},
note = {(Accessed on 02/20/2018)}
}

@misc{zzzeekPa13:online,
author = {Mike Bayer},
title = {zzzeek : Patterns Implemented by SQLAlchemy},
howpublished = {\url{http://techspot.zzzeek.org/2012/02/07/patterns-implemented-by-sqlalchemy/}},
month = {Feb},
year = {2002},
note = {(Accessed on 02/20/2018)}
}

@misc{Ng2014,
  author = {Jackie Ng},
  title = {bootstrap-viewer-template},
  year = {2014},
  publisher = {GitHub},
  journal = {GitHub repository},
  howpublished = {\url{https://github.com/jumpinjackie/bootstrap-viewer-template}},
  commit = {fcb15e70488f396311e4b22c7ef4213a70700dd4}
}

@misc{sundstrm16,
  author = {Johan Sundstroem},
  title = {world.geo.json},
  year = {2016},
  publisher = {GitHub},
  journal = {GitHub repository},
  howpublished = {\url{https://github.com/johan/world.geo.json}},
  commit = {34c96bba9c07d2ceb30696c599bb51a5b939b20f}
}


@misc{RFC7946T7,
    author = {Butler, et al.},
    title = {RFC 7946 - The GeoJSON Format},
    howpublished = {\url{https://tools.ietf.org/html/rfc7946}},
    month = {August},
    year = {2016},
    note = {(Accessed on 03/01/2018)}
}
