@article{gould2004argo,
  title={Argo profiling floats bring new era of in situ ocean observations},
  author={Gould, John and Roemmich, Dean and Wijffels, Susan and Freeland, Howard and Ignaszewsky, Mark and Jianping, Xu and Pouliquen, Sylvie and Desaubies, Yves and Send, Uwe and Radhakrishnan, Kopillil and others},
  journal={Eos, Transactions American Geophysical Union},
  volume={85},
  number={19},
  pages={185--191},
  year={2004},
  publisher={Wiley Online Library}
}

@article{guinehut2004combining,
  title={Combining Argo and remote-sensing data to estimate the ocean three-dimensional temperature fields—A first approach based on simulated observations},
  author={Guinehut, S and Le Traon, PY and Larnicol, G and Philipps, S},
  journal={Journal of Marine Systems},
  volume={46},
  number={1},
  pages={85--98},
  year={2004},
  publisher={Elsevier}
}


@misc{ArgoUserManual,
  title={Argo User Manual},
  author={Carval, Thierry \& Keeley, Robert \& Takatsuki, Yasushi \& Yoshida, Takashi \& Schmid, Claudia \& Goldsmith, Roger \&  Wong, Annie \& Thresher, Ann \& Tran, Anh \& Loch, Stephen \& Mccreadie, Rebecca},
  volume={3.2},
  year={2015},
}

@article{ArgoDataManual,
  title={Description of the Argo GDAC File Checks: Data Format and Consistency Checks},
  author={Ignaszewski Mark},
  volume={2.4},
  year={2016},
}


@article{ArgoData,
  author = {Argo-Project-Office},
  title = {The Argo Data System},
  url = {http://www.argo.ucsd.edu/Argo_data_and.html},
  note = "[Online; accessed 2017-05-25]"
}

@article{OpenLayers,
  title = {Open Layers - API},
  url = {https://openlayers.org/en/latest/apidoc/},
  note = "[Online; accessed 2017-05-28]"
}

@article{ArgoDataViewers,
  author = {Argo-Project-Office},
  title = {Data Viewers},
  url = {http://www.argo.ucsd.edu/Data_viewers.html},
  note = "[Online; accessed 2017-05-25]"
}

@article{ArgoDatamgt,
  author = {Argo-Data-MGT},
  title = {Documentation - Argo Data Management},
  url = {http://www.argodatamgt.org/Documentation},
  note = "[Online; accessed 2017-05-25]"
}

@article{ArgoDataBeginnersGuide,
  title={A beginners’ guide to accessing Argo data},
  author={John Gould, Megan Scanderbeg },
  journal={Journal of Marine Systems},
}



@misc{ArgoDataManagementHandbook,
  title={Data Management Handbook},
  year={2002},
}
